@Article{Hallingstad1980,
  author = 	 {Oddvar Hallingstad},
  title = 	 {Estimation of Synchronous Machine Parameters},
  journal = 	 {Modeling, Identification and Control},
  year = 	 1980,
  volume =	 1,
  number =	 1,
  pages =	 {1--15},
  doi = 	 {10.4173/mic.1980.1.1}
}

@Article{Hovd04,
  author = 	 {Morten Hovd and Richard D. Braatz},
  title = 	 {Handling state and output constraints in {MPC} using time-dependent weights},
  journal = 	 {Modeling, Identification and Control},
  year = 	 2004,
  volume =	 25,
  number =	 2,
  pages =	 {67--84}
}


@InProceedings{Hovd92,
  author = 	 {Morten Hovd and Sigurd Skogestad},
  title = 	 {Robust Control of Systems Consisting of Symmetrically Interconnected Systems},
  booktitle =	 {Proc. American Control Conference},
  pages =	 {3021--3025},
  year =	 1992,
  address =	 {Chicago, Illinois, USA}
}

@InCollection{Hovd00,
  author = 	 {Morten Hovd and Sigurd Skogestad},
  title = 	 {Techniques in the Control of Interconnected Plants},
  booktitle = 	 {Mechatronic Systems Techniques and Applications. Vol. 5: Diagnostic, Reliability and Control Systems Techniques},
  pages =	 {139--200},
  publisher =	 {Gordon and Breach Science Publishers},
  year =	 2000,
  editor =	 {C. T. Leondes}
}

@Book{Balchen88,
  author =	 {Jens G. Balchen and Kenneth I. Mumm{\'e}},
  title = 	 {Process Control -- Structures and Applications},
  publisher = 	 {van Nostrand Reinhold},
  year = 	 1988
}

